@article{abadie2006large,
  title={Large sample properties of matching estimators for average treatment effects},
  author={Abadie, Alberto and Imbens, Guido W},
  journal={econometrica},
  volume={74},
  number={1},
  pages={235--267},
  year={2006},
  publisher={Wiley Online Library}
}

@article{austin2008critical,
  title={A critical appraisal of propensity-score matching in the medical literature between 1996 and 2003},
  author={Austin, Peter C},
  journal={Statistics in medicine},
  volume={27},
  number={12},
  pages={2037--2049},
  year={2008},
  publisher={Wiley Online Library}
}

@article{austin2010statistical,
  title={Statistical criteria for selecting the optimal number of untreated subjects matched to each treated subject when using many-to-one matching on the propensity score},
  author={Austin, Peter C},
  journal={American journal of epidemiology},
  volume={172},
  number={9},
  pages={1092--1097},
  year={2010},
  publisher={Oxford University Press}
}

@article{austin2014use,
  title={The use of propensity score methods with survival or time-to-event outcomes: reporting measures of effect similar to those used in randomized experiments},
  author={Austin, Peter C},
  journal={Statistics in medicine},
  volume={33},
  number={7},
  pages={1242--1258},
  year={2014},
  publisher={Wiley Online Library}
}

@article{austin2015moving,
  title={Moving towards best practice when using inverse probability of treatment weighting (IPTW) using the propensity score to estimate causal treatment effects in observational studies},
  author={Austin, Peter C and Stuart, Elizabeth A},
  journal={Statistics in medicine},
  volume={34},
  number={28},
  pages={3661--3679},
  year={2015},
  publisher={Wiley Online Library}
}

@article{belitser2011measuring,
  title={Measuring balance and model selection in propensity score methods},
  author={Belitser, Svetlana V and Martens, Edwin P and Pestman, Wiebe R and Groenwold, Rolf HH and De Boer, Anthonius and Klungel, Olaf H},
  journal={Pharmacoepidemiology and drug safety},
  volume={20},
  number={11},
  pages={1115--1129},
  year={2011},
  publisher={Wiley Online Library}
}


@article{beyer2020multistate,
  title={A multistate model for early decision-making in oncology},
  author={Beyer, Ulrich and Dejardin, David and Meller, Matthias and Rufibach, Kaspar and Burger, Hans Ulrich},
  journal={Biometrical Journal},
  volume={62},
  number={3},
  pages={550--567},
  year={2020},
  publisher={Wiley Online Library}
}

@article{birnbaum2020model,
  title={Model-assisted cohort selection with bias analysis for generating large-scale cohorts from the EHR for oncology research},
  author={Birnbaum, Benjamin and Nussbaum, Nathan and Seidl-Rathkopf, Katharina and Agrawal, Monica and Estevez, Melissa and Estola, Evan and Haimson, Joshua and He, Lucy and Larson, Peter and Richardson, Paul},
  journal={arXiv preprint arXiv:2001.09765},
  year={2020}
}

@article{black1996we,
  title={Why we need observational studies to evaluate the effectiveness of health care},
  author={Black, Nick},
  journal={Bmj},
  volume={312},
  number={7040},
  pages={1215--1218},
  year={1996},
  publisher={British Medical Journal Publishing Group}
}

@article{burcu2020real,
  title={Real-world evidence to support regulatory decision-making for medicines: Considerations for external control arms},
  author={Burcu, Mehmet and Dreyer, Nancy A and Franklin, Jessica M and Blum, Michael D and Critchlow, Cathy W and Perfetto, Eleanor M and Zhou, Wei},
  journal={Pharmacoepidemiology and drug safety},
  volume={29},
  number={10},
  pages={1228--1235},
  year={2020},
  publisher={Wiley Online Library}
}

@article{burger2021use,
  title={The use of external controls: To what extent can it currently be recommended?},
  author={Burger, Hans Ulrich and Gerlinger, Christoph and Harbron, Chris and Koch, Armin and Posch, Martin and Rochon, Justine and Schiel, Anja},
  journal={Pharmaceutical Statistics},
  year={2021},
  publisher={Wiley Online Library}
}

@book{burzykowski2006evaluation,
  title={The evaluation of surrogate endpoints},
  author={Burzykowski, Tomasz and Molenberghs, Geert and Buyse, Marc},
  year={2006},
  publisher={Springer Science \& Business Media}
}

@article{carrigan2020using,
  title={Using electronic health records to derive control arms for early phase single-arm lung cancer trials: proof-of-concept in randomized controlled trials},
  author={Carrigan, Gillis and Whipple, Samuel and Capra, William B and Taylor, Michael D and Brown, Jeffrey S and Lu, Michael and Arnieri, Brandon and Copping, Ryan and Rothman, Kenneth J},
  journal={Clinical Pharmacology \& Therapeutics},
  volume={107},
  number={2},
  pages={369--377},
  year={2020},
  publisher={Wiley Online Library}
}

@article{daniels1997meta,
  title={Meta-analysis for the evaluation of potential surrogate markers},
  author={Daniels, Michael J and Hughes, Michael D},
  journal={Statistics in medicine},
  volume={16},
  number={17},
  pages={1965--1982},
  year={1997},
  publisher={Wiley Online Library}
}

@article{daniel2021making,
  title={Making apples from oranges: Comparing noncollapsible effect estimators and their standard errors after adjustment for different covariate sets},
  author={Daniel, Rhian and Zhang, Jingjing and Farewell, Daniel},
  journal={Biometrical Journal},
  volume={63},
  number={3},
  pages={528--557},
  year={2021},
  publisher={Wiley Online Library}
}

@article{diamond2013genetic,
  title={Genetic matching for estimating causal effects: A general multivariate matching method for achieving balance in observational studies},
  author={Diamond, Alexis and Sekhon, Jasjeet S},
  journal={Review of Economics and Statistics},
  volume={95},
  number={3},
  pages={932--945},
  year={2013},
  publisher={MIT Press}
}

@article{feinberg2020use,
  title={Use of real-world evidence to support FDA approval of oncology drugs},
  author={Feinberg, Bruce A and Gajra, Ajeet and Zettler, Marjorie E and Phillips, Todd D and Phillips Jr, Eli G and Kish, Jonathan K},
  journal={Value in Health},
  volume={23},
  number={10},
  pages={1358--1365},
  year={2020},
  publisher={Elsevier}
}

@article{franklin2021emulating,
  title={Emulating randomized clinical trials with nonrandomized real-world evidence studies: first results from the RCT DUPLICATE Initiative},
  author={Franklin, Jessica M and Patorno, Elisabetta and Desai, Rishi J and Glynn, Robert J and Martin, David and Quinto, Kenneth and Pawar, Ajinkya and Bessette, Lily G and Lee, Hemin and Garry, Elizabeth M and others},
  journal={Circulation},
  volume={143},
  number={10},
  pages={1002--1013},
  year={2021},
  publisher={Am Heart Assoc}
}

@article{gabry2019visualization,
  title={Visualization in Bayesian workflow},
  author={Gabry, Jonah and Simpson, Daniel and Vehtari, Aki and Betancourt, Michael and Gelman, Andrew},
  journal={Journal of the Royal Statistical Society: Series A (Statistics in Society)},
  volume={182},
  number={2},
  pages={389--402},
  year={2019},
  publisher={Wiley Online Library}
}

@article{gelman2006prior,
  title={Prior distributions for variance parameters in hierarchical models (comment on article by Browne and Draper)},
  author={Gelman, Andrew},
  journal={Bayesian analysis},
  volume={1},
  number={3},
  pages={515--534},
  year={2006},
  publisher={International Society for Bayesian Analysis}
}

@book{gelman2013bayesian,
  title={Bayesian data analysis},
  author={Gelman, Andrew and Carlin, John B and Stern, Hal S and Dunson, David B and Vehtari, A and Rubin, Donald B},
  year={2013},
  publisher={CRC Press}
}

@article{granger2019avoiding,
  title={Avoiding pitfalls when combining multiple imputation and propensity scores},
  author={Granger, Emily and Sergeant, Jamie C and Lunt, Mark},
  journal={Statistics in medicine},
  volume={38},
  number={26},
  pages={5120--5132},
  year={2019},
  publisher={Wiley Online Library}
}

 @Manual{Hmisc2021,
    title = {Hmisc: Harrell Miscellaneous},
    author = {Frank E {Harrell Jr} and with contributions from Charles Dupont and many others.},
    year = {2021},
    note = {R package version 4.5-0},
    url = {https://CRAN.R-project.org/package=Hmisc}
}

@article{hashmi2021single,
  title={Single-arm oncology trials and the nature of external controls arms},
  author={Hashmi, Mustafa and Rassen, Jeremy and Schneeweiss, Sebastian},
  journal={Journal of Comparative Effectiveness Research},
  number={0},
  year={2021},
  publisher={Future Medicine}
}

@article{hatswell2016regulatory,
  title={Regulatory approval of pharmaceuticals without a randomised controlled study: analysis of EMA and FDA approvals 1999--2014},
  author={Hatswell, Anthony J and Baio, Gianluca and Berlin, Jesse A and Irs, Alar and Freemantle, Nick},
  journal={BMJ open},
  volume={6},
  number={6},
  pages={e011666},
  year={2016},
  publisher={British Medical Journal Publishing Group}
}

@book{hernan2020,
  title={Causal Inference: What If},
  author={Hern{\'{a}}n, Miguel A and Robins, Jamie M},
  year={2020},
  publisher={Boca Raton: Chapman \& Hall/CRC}
}

@article{jansen2011network,
  title={Network meta-analysis of survival data with fractional polynomials},
  author={Jansen, Jeroen P},
  journal={BMC medical research methodology},
  volume={11},
  number={1},
  pages={1--14},
  year={2011},
  publisher={BioMed Central}
}

@article{leyrat2019propensity,
  title={Propensity score analysis with partially observed covariates: How should multiple imputation be used?},
  author={Leyrat, Cl{\'e}mence and Seaman, Shaun R and White, Ian R and Douglas, Ian and Smeeth, Liam and Kim, Joseph and Resche-Rigon, Matthieu and Carpenter, James R and Williamson, Elizabeth J},
  journal={Statistical methods in medical research},
  volume={28},
  number={1},
  pages={3--19},
  year={2019},
  publisher={SAGE Publications Sage UK: London, England}
}

@article{lin2020alternative,
  title={Alternative analysis methods for time to event endpoints under nonproportional hazards: a comparative analysis},
  author={Lin, Ray S and Lin, Ji and Roychoudhury, Satrajit and Anderson, Keaven M and Hu, Tianle and Huang, Bo and Leon, Larry F and Liao, Jason JZ and Liu, Rong and Luo, Xiaodong and others},
  journal={Statistics in Biopharmaceutical Research},
  volume={12},
  number={2},
  pages={187--198},
  year={2020},
  publisher={Taylor \& Francis}
}

@article{ma2020comparison,
  title={Comparison of population characteristics in real-world clinical oncology databases in the US: Flatiron Health, SEER, and NPCR},
  author={Ma, Xinran and Long, Lura and Moon, Sharon and Adamson, Blythe JS and Baxi, Shrujal S},
  journal={medRxiv},
  year={2020},
  publisher={Cold Spring Harbor Laboratory Press}
}

@article{nguyen2017double,
  title={Double-adjustment in propensity score matching analysis: choosing a threshold for considering residual imbalance},
  author={Nguyen, Tri-Long and Collins, Gary S and Spence, Jessica and Daur{\`e}s, Jean-Pierre and Devereaux, PJ and Landais, Paul and Le Manach, Yannick},
  journal={BMC medical research methodology},
  volume={17},
  number={1},
  pages={1--8},
  year={2017},
  publisher={Springer}
}

@article{ouwens2010network,
  title={Network meta-analysis of parametric survival curves},
  author={Ouwens, Mario JNM and Philips, Zoe and Jansen, Jeroen P},
  journal={Research synthesis methods},
  volume={1},
  number={3-4},
  pages={258--271},
  year={2010},
  publisher={Wiley Online Library}
}s

@article{polson2012half,
  title={On the half-Cauchy prior for a global scale parameter},
  author={Polson, Nicholas G and Scott, James G},
  journal={Bayesian Analysis},
  volume={7},
  number={4},
  pages={887--902},
  year={2012},
  publisher={International Society for Bayesian Analysis}
}

@article{rosenbaum1984reducing,
  title={Reducing bias in observational studies using subclassification on the propensity score},
  author={Rosenbaum, Paul R and Rubin, Donald B},
  journal={Journal of the American statistical Association},
  volume={79},
  number={387},
  pages={516--524},
  year={1984},
  publisher={Taylor \& Francis Group}
}

@article{rosenbaum1985constructing,
  title={Constructing a control group using multivariate matched sampling methods that incorporate the propensity score},
  author={Rosenbaum, Paul R and Rubin, Donald B},
  journal={The American Statistician},
  volume={39},
  number={1},
  pages={33--38},
  year={1985},
  publisher={Taylor \& Francis Group}
}

@article{rubin1973use,
  title={The use of matched sampling and regression adjustment to remove bias in observational studies},
  author={Rubin, Donald B},
  journal={Biometrics},
  pages={185--203},
  year={1973},
  publisher={JSTOR}
}

@article{rubin2001using,
  title={Using propensity scores to help design observational studies: application to the tobacco litigation},
  author={Rubin, Donald B},
  journal={Health Services and Outcomes Research Methodology},
  volume={2},
  number={3},
  pages={169--188},
  year={2001},
  publisher={Springer}
}

@article{rubin2008objective,
  title={For objective causal inference, design trumps analysis},
  author={Rubin, Donald B},
  journal={The Annals of Applied Statistics},
  volume={2},
  number={3},
  pages={808--840},
  year={2008},
  publisher={Institute of Mathematical Statistics}
}

@article{sambucini2015comparison,
  title={Comparison of single-arm vs. randomized phase II clinical trials: a Bayesian approach},
  author={Sambucini, Valeria},
  journal={Journal of biopharmaceutical statistics},
  volume={25},
  number={3},
  pages={474--489},
  year={2015},
  publisher={Taylor \& Francis}
}

@article{schemper2009estimation,
  title={The estimation of average hazard ratios by weighted Cox regression},
  author={Schemper, Michael and Wakounig, Samo and Heinze, Georg},
  journal={Statistics in medicine},
  volume={28},
  number={19},
  pages={2473--2489},
  year={2009},
  publisher={Wiley Online Library}
}

@article{schmidli2020beyond,
  title={Beyond randomized clinical trials: Use of external controls},
  author={Schmidli, Heinz and H{\"a}ring, Dieter A and Thomas, Marius and Cassidy, Adrian and Weber, Sebastian and Bretz, Frank},
  journal={Clinical Pharmacology \& Therapeutics},
  volume={107},
  number={4},
  pages={806--816},
  year={2020},
  publisher={Wiley Online Library}
}

@article{sekhon2008multivariate,
  title={Multivariate and propensity score matching software with automated balance optimization: the matching package for R},
  author={Sekhon, Jasjeet S},
  journal={Journal of Statistical Software, Forthcoming},
  year={2008}
}

@article{simon2015role,
  title={The role of nonrandomized trials in the evaluation of oncology drugs},
  author={Simon, Richard and Blumenthal, GM and Rothenberg, ML and Sommer, Josh and Roberts, Samantha A and Armstrong, Deborah K and LaVange, LM and Pazdur, R},
  journal={Clinical Pharmacology \& Therapeutics},
  volume={97},
  number={5},
  pages={502--507},
  year={2015},
  publisher={Wiley Online Library}
}

@book{spiegelhalter2004bayesian,
  title={Bayesian approaches to clinical trials and health-care evaluation},
  author={Spiegelhalter, David J and Abrams, Keith R and Myles, Jonathan P},
  volume={13},
  year={2004},
  publisher={John Wiley \& Sons}
}

@article{stensrud2020test,
  title={Why test for proportional hazards?},
  author={Stensrud, Mats J and Hern{\'a}n, Miguel A},
  journal={Jama},
  volume={323},
  number={14},
  pages={1401--1402},
  year={2020},
  publisher={American Medical Association}
}

@article{stuart2010matching,
  title={Matching methods for causal inference: A review and a look forward},
  author={Stuart, Elizabeth A},
  journal={Statistical science: a review journal of the Institute of Mathematical Statistics},
  volume={25},
  number={1},
  pages={1},
  year={2010},
  publisher={NIH Public Access}
}

@article{thorlund2020synthetic,
  title={Synthetic and external controls in clinical trials--a primer for researchers},
  author={Thorlund, Kristian and Dron, Louis and Park, Jay JH and Mills, Edward J},
  journal={Clinical Epidemiology},
  volume={12},
  pages={457},
  year={2020},
  publisher={Dove Press}
}

@article{wu2020use,
  title={Use of real-world evidence in regulatory decisions for rare diseases in the United States---Current status and future directions},
  author={Wu, Jasmanda and Wang, Cunlin and Toh, Sengwee and Pisa, Federica Edith and Bauer, Larry},
  journal={Pharmacoepidemiology and drug safety},
  volume={29},
  number={10},
  pages={1213--1218},
  year={2020},
  publisher={Wiley Online Library}
}