@article{abadie2006large,
  title={Large sample properties of matching estimators for average treatment effects},
  author={Abadie, Alberto and Imbens, Guido W},
  journal={econometrica},
  volume={74},
  number={1},
  pages={235--267},
  year={2006},
  publisher={Wiley Online Library}
}

@article{austin2007performance,
  title={The performance of different propensity score methods for estimating marginal odds ratios},
  author={Austin, Peter C},
  journal={Statistics in medicine},
  volume={26},
  number={16},
  pages={3078--3094},
  year={2007},
  publisher={Wiley Online Library}
}

@article{austin2008critical,
  title={A critical appraisal of propensity-score matching in the medical literature between 1996 and 2003},
  author={Austin, Peter C},
  journal={Statistics in medicine},
  volume={27},
  number={12},
  pages={2037--2049},
  year={2008},
  publisher={Wiley Online Library}
}

@article{austin2009balance,
  title={Balance diagnostics for comparing the distribution of baseline covariates between treatment groups in propensity-score matched samples},
  author={Austin, Peter C},
  journal={Statistics in medicine},
  volume={28},
  number={25},
  pages={3083--3107},
  year={2009},
  publisher={Wiley Online Library}
}

@article{austin2010statistical,
  title={Statistical criteria for selecting the optimal number of untreated subjects matched to each treated subject when using many-to-one matching on the propensity score},
  author={Austin, Peter C},
  journal={American journal of epidemiology},
  volume={172},
  number={9},
  pages={1092--1097},
  year={2010},
  publisher={Oxford University Press}
}

@article{austin2013performance,
  title={The performance of different propensity score methods for estimating marginal hazard ratios},
  author={Austin, Peter C},
  journal={Statistics in medicine},
  volume={32},
  number={16},
  pages={2837--2849},
  year={2013},
  publisher={Wiley Online Library}
}

@article{belitser2011measuring,
  title={Measuring balance and model selection in propensity score methods},
  author={Belitser, Svetlana V and Martens, Edwin P and Pestman, Wiebe R and Groenwold, Rolf HH and De Boer, Anthonius and Klungel, Olaf H},
  journal={Pharmacoepidemiology and drug safety},
  volume={20},
  number={11},
  pages={1115--1129},
  year={2011},
  publisher={Wiley Online Library}
}

@article{buuren2010mice,
  title={mice: Multivariate imputation by chained equations in R},
  author={Buuren, S van and Groothuis-Oudshoorn, Karin},
  journal={Journal of statistical software},
  pages={1--68},
  year={2010},
  publisher={University of California, Los Angeles}
}

@article{carrigan2020using,
  title={Using electronic health records to derive control arms for early phase single-arm lung cancer trials: proof-of-concept in randomized controlled trials},
  author={Carrigan, Gillis and Whipple, Samuel and Capra, William B and Taylor, Michael D and Brown, Jeffrey S and Lu, Michael and Arnieri, Brandon and Copping, Ryan and Rothman, Kenneth J},
  journal={Clinical Pharmacology \& Therapeutics},
  volume={107},
  number={2},
  pages={369--377},
  year={2020},
  publisher={Wiley Online Library}
}

@article{choi2019comparison,
  title={A comparison of different methods to handle missing data in the context of propensity score analysis},
  author={Choi, Jungyeon and Dekkers, Olaf M and le Cessie, Saskia},
  journal={European journal of epidemiology},
  volume={34},
  number={1},
  pages={23--36},
  year={2019},
  publisher={Springer}
}

@article{daniel2020making,
  title={Making apples from oranges: Comparing noncollapsible effect estimators and their standard errors after adjustment for different covariate sets},
  author={Daniel, Rhian and Zhang, Jingjing and Farewell, Daniel},
  journal={Biometrical Journal},
  year={2020},
  publisher={Wiley Online Library}
}

@article{diamond2013genetic,
  title={Genetic matching for estimating causal effects: A general multivariate matching method for achieving balance in observational studies},
  author={Diamond, Alexis and Sekhon, Jasjeet S},
  journal={Review of Economics and Statistics},
  volume={95},
  number={3},
  pages={932--945},
  year={2013},
  publisher={MIT Press}
}

@article{granger2019avoiding,
  title={Avoiding pitfalls when combining multiple imputation and propensity scores},
  author={Granger, Emily and Sergeant, Jamie C and Lunt, Mark},
  journal={Statistics in medicine},
  volume={38},
  number={26},
  pages={5120--5132},
  year={2019},
  publisher={Wiley Online Library}
}

@article{imai2008misunderstandings,
  title={Misunderstandings between experimentalists and observationalists about causal inference},
  author={Imai, Kosuke and King, Gary and Stuart, Elizabeth A},
  journal={Journal of the royal statistical society: series A (statistics in society)},
  volume={171},
  number={2},
  pages={481--502},
  year={2008},
  publisher={Wiley Online Library}
}

@article{ho2007matching,
  title={Matching as nonparametric preprocessing for reducing model dependence in parametric causal inference},
  author={Ho, Daniel E and Imai, Kosuke and King, Gary and Stuart, Elizabeth A},
  journal={Political analysis},
  volume={15},
  number={3},
  pages={199--236},
  year={2007},
  publisher={Cambridge University Press}
}

@article{leyrat2019propensity,
  title={Propensity score analysis with partially observed covariates: how should multiple imputation be used?},
  author={Leyrat, Cl{\'e}mence and Seaman, Shaun R and White, Ian R and Douglas, Ian and Smeeth, Liam and Kim, Joseph and Resche-Rigon, Matthieu and Carpenter, James R and Williamson, Elizabeth J},
  journal={Statistical methods in medical research},
  volume={28},
  number={1},
  pages={3--19},
  year={2019},
  publisher={SAGE Publications Sage UK: London, England}
}

@article{nguyen2017double,
  title={Double-adjustment in propensity score matching analysis: choosing a threshold for considering residual imbalance},
  author={Nguyen, Tri-Long and Collins, Gary S and Spence, Jessica and Daur{\`e}s, Jean-Pierre and Devereaux, PJ and Landais, Paul and Le Manach, Yannick},
  journal={BMC medical research methodology},
  volume={17},
  number={1},
  pages={1--8},
  year={2017},
  publisher={Springer}
}

@article{rosenbaum1984reducing,
  title={Reducing bias in observational studies using subclassification on the propensity score},
  author={Rosenbaum, Paul R and Rubin, Donald B},
  journal={Journal of the American statistical Association},
  volume={79},
  number={387},
  pages={516--524},
  year={1984},
  publisher={Taylor \& Francis Group}
}

@article{rosenbaum1985constructing,
  title={Constructing a control group using multivariate matched sampling methods that incorporate the propensity score},
  author={Rosenbaum, Paul R and Rubin, Donald B},
  journal={The American Statistician},
  volume={39},
  number={1},
  pages={33--38},
  year={1985},
  publisher={Taylor \& Francis Group}
}

@article{rubin1973use,
  title={The use of matched sampling and regression adjustment to remove bias in observational studies},
  author={Rubin, Donald B},
  journal={Biometrics},
  pages={185--203},
  year={1973},
  publisher={JSTOR}
}

@article{sekhon2008multivariate,
  title={Multivariate and propensity score matching software with automated balance optimization: the matching package for R},
  author={Sekhon, Jasjeet S},
  journal={Journal of Statistical Software, Forthcoming},
  year={2008}
}

@article{stuart2010matching,
  title={Matching methods for causal inference: A review and a look forward},
  author={Stuart, Elizabeth A},
  journal={Statistical science: a review journal of the Institute of Mathematical Statistics},
  volume={25},
  number={1},
  pages={1},
  year={2010},
  publisher={NIH Public Access}
}

@article{white2011multiple,
  title={Multiple imputation using chained equations: issues and guidance for practice},
  author={White, Ian R and Royston, Patrick and Wood, Angela M},
  journal={Statistics in medicine},
  volume={30},
  number={4},
  pages={377--399},
  year={2011},
  publisher={Wiley Online Library}
}